
@software{Allaire2021,
  title = {{{rmarkdown}}: Dynamic Documents for {{R}}},
  author = {Allaire, JJ and Xie, Yihui and McPherson, Jonathan and Luraschi, Javier and Ushey, Kevin and Atkins, Aron and Wickham, Hadley and Cheng, Joe and Chang, Winston and Iannone, Richard},
  date = {2021}
}

@article{Alonso-Saez2007,
  title = {Seasonality in Bacterial Diversity in North-West {{Mediterranean}} Coastal Waters: Assessment through Clone Libraries, Fingerprinting and {{FISH}}.},
  author = {Alonso-Sáez, Laura and Balagué, Vanessa and Sà, Elisabet L and Sánchez, Olga and González, José M and Pinhassi, Jarone and Massana, Ramon and Pernthaler, Jakob and Pedrós-Alió, Carlos and Gasol, Josep M},
  date = {2007-04},
  journaltitle = {FEMS Microbiol. Ecol.},
  volume = {60},
  number = {1},
  pages = {98--112},
  issn = {0168-6496},
  doi = {10.1111/j.1574-6941.2006.00276.x},
  issue = {1}
}

@article{Alonso-Saez2015,
  title = {The Hidden Seasonality of the Rare Biosphere in Coastal Marine Bacterioplankton},
  author = {Alonso‐Sáez, Laura and Díaz‐Pérez, Laura and Morán, Xosé Anxelu G.},
  date = {2015},
  journaltitle = {Environ. Microbiol.},
  volume = {17},
  number = {10},
  pages = {3766--3780},
  issn = {1462-2920},
  doi = {10.1111/1462-2920.12801},
  langid = {english}
}

@article{Apprill2015,
  title = {Minor Revision to {{V4}} Region {{SSU rRNA 806R}} Gene Primer Greatly Increases Detection of {{SAR11}} Bacterioplankton},
  author = {Apprill, A and McNally, S and Parsons, R and Weber, L},
  date = {2015-06},
  journaltitle = {Aquat. Microb. Ecol.},
  volume = {75},
  number = {2},
  pages = {129--137},
  issn = {0948-3055},
  doi = {10.3354/ame01753},
  issue = {2}
}

@article{Bayer2019,
  title = {{{{\emph{Nitrosopumilus adriaticus}}}} Sp. {{nov. and}} {{{\emph{Nitrosopumilus piranensis}}}} Sp. {{nov., two}} Ammonia-Oxidizing Archaea from the {{Adriatic Sea}} and Members of the Class {{{\emph{Nitrososphaeria}}}}},
  author = {Bayer, Barbara and Vojvoda, Jana and Reinthaler, Thomas and Reyes, Carolina and Pinto, Maria and Herndl, Gerhard J.},
  date = {2019-07},
  journaltitle = {Int. J. Syst. Evol. Microbiol.},
  volume = {69},
  number = {7},
  pages = {1892--1902},
  issn = {1466-5034},
  doi = {10.1099/ijsem.0.003360},
  langid = {english}
}

@book{Borcard2018,
  title = {Numerical {{Ecology}} with {{R}}},
  author = {Borcard, Daniel and Gillet, François and Legendre, Pierre},
  date = {2018},
  series = {Use {{R}}!},
  edition = {2},
  publisher = {{Springer International Publishing}},
  doi = {10.1007/978-3-319-71404-2},
  isbn = {978-3-319-71403-5},
  langid = {english}
}

@incollection{Bowman2014,
  title = {The Family  {{{\emph{Cryomorphaceae}}}}},
  booktitle = {The {{Prokaryotes}}: {{Other Major Lineages}} of {{Bacteria}} and the {{Archaea}}},
  author = {Bowman, John P.},
  editor = {Rosenberg, Eugene and DeLong, Edward F. and Lory, Stephen and Stackebrandt, Erko and Thompson, Fabiano},
  date = {2014},
  pages = {539--550},
  publisher = {{Springer-Verlag}},
  location = {{Berlin, Heidelberg}},
  doi = {10.1007/978-3-642-38954-2_135},
  isbn = {978-3-642-38954-2},
  langid = {english}
}

@article{Bunse2017,
  title = {Marine Bacterioplankton Seasonal Succession Dynamics},
  author = {Bunse, Carina and Pinhassi, Jarone},
  date = {2017-06-01},
  journaltitle = {Trends Microbiol.},
  volume = {25},
  number = {6},
  pages = {494--505},
  issn = {0966-842X},
  doi = {10.1016/j.tim.2016.12.013},
  langid = {english}
}

@article{Caporaso2012,
  title = {Ultra-High-Throughput Microbial Community Analysis on the {{Illumina HiSeq}} and {{MiSeq}} Platforms},
  author = {Caporaso, J Gregory and Lauber, Christian L and Walters, William A and Berg-Lyons, Donna and Huntley, James and Fierer, Noah and Owens, Sarah M and Betley, Jason and Fraser, Louise and Bauer, Markus and Gormley, Niall and Gilbert, Jack A and Smith, Geoff and Knight, Rob},
  date = {2012-08},
  journaltitle = {ISME J.},
  volume = {6},
  number = {8},
  pages = {1621--1624},
  issn = {1751-7362},
  doi = {10.1038/ismej.2012.8},
  issue = {8}
}

@article{Carlson2009,
  title = {Seasonal Dynamics of {{SAR11}} Populations in the Euphotic and Mesopelagic Zones of the Northwestern {{Sargasso Sea}}.},
  author = {Carlson, Craig A and Morris, Robert and Parsons, Rachel and Treusch, Alexander H and Giovannoni, Stephen J and Vergin, Kevin},
  date = {2009-03},
  journaltitle = {ISME J.},
  volume = {3},
  number = {3},
  pages = {283--295},
  doi = {10.1038/ismej.2008.117},
  issue = {3}
}

@article{Durham2014,
  title = {Draft Genome Sequence of Marine Alphaproteobacterial Strain {{HIMB11}}, the First Cultivated Representative of a Unique Lineage within the {{{\emph{Roseobacter}}}} Clade Possessing an Unusually Small Genome},
  author = {Durham, Bryndan P. and Grote, Jana and Whittaker, Kerry A. and Bender, Sara J. and Luo, Haiwei and Grim, Sharon L. and Brown, Julia M. and Casey, John R. and Dron, Antony and Florez-Leiva, Lennin and Krupke, Andreas and Luria, Catherine M. and Mine, Aric H. and Nigro, Olivia D. and Pather, Santhiska and Talarmin, Agathe and Wear, Emma K. and Weber, Thomas S. and Wilson, Jesse M. and Church, Matthew J. and DeLong, Edward F. and Karl, David M. and Steward, Grieg F. and Eppley, John M. and Kyrpides, Nikos C. and Schuster, Stephan and Rappé, Michael S.},
  date = {2014-03-15},
  journaltitle = {Stand. Genomic Sci.},
  volume = {9},
  number = {3},
  pages = {632--645},
  issn = {1944-3277},
  doi = {10.4056/sigs.4998989},
  pmcid = {PMC4148974}
}

@article{El-Swais2015,
  title = {Seasonal Assemblages and Short-Lived Blooms in Coastal North-West {{Atlantic Ocean}} Bacterioplankton},
  author = {El‐Swais, Heba and Dunn, Katherine A. and Bielawski, Joseph P. and Li, William K. W. and Walsh, David A.},
  date = {2015},
  journaltitle = {Environ. Microbiol.},
  volume = {17},
  number = {10},
  pages = {3642--3661},
  issn = {1462-2920},
  doi = {10.1111/1462-2920.12629},
  langid = {english}
}

@article{Fuhrman2015,
  title = {Marine Microbial Community Dynamics and Their Ecological Interpretation},
  author = {Fuhrman, Jed A. and Cram, Jacob A. and Needham, David M.},
  date = {2015-03},
  journaltitle = {Nat. Rev. Microbiol.},
  volume = {13},
  number = {3},
  pages = {133--146},
  publisher = {{Nature Publishing Group}},
  issn = {1740-1534},
  doi = {10.1038/nrmicro3417},
  issue = {3},
  langid = {english}
}

@article{Garcia2015,
  title = {Seasonality in Molecular and Cytometric Diversity of Marine Bacterioplankton: The Re-Shuffling of Bacterial Taxa by Vertical Mixing},
  shorttitle = {Seasonality in Molecular and Cytometric Diversity of Marine Bacterioplankton},
  author = {García, Francisca C. and Alonso‐Sáez, Laura and Morán, Xosé Anxelu G. and López‐Urrutia, Ángel},
  date = {2015},
  journaltitle = {Environ. Microbiol.},
  volume = {17},
  number = {10},
  pages = {4133--4142},
  issn = {1462-2920},
  doi = {10.1111/1462-2920.12984},
  langid = {english}
}

@article{Gilbert2009,
  title = {The Seasonal Structure of Microbial Communities in the {{Western English Channel}}},
  author = {Gilbert, Jack A. and Field, Dawn and Swift, Paul and Newbold, Lindsay and Oliver, Anna and Smyth, Tim and Somerfield, Paul J. and Huse, Sue and Joint, Ian},
  date = {2009-12},
  journaltitle = {Environ. Microbiol.},
  volume = {11},
  number = {12},
  pages = {3132--3139},
  issn = {14622912},
  doi = {10.1111/j.1462-2920.2009.02017.x},
  issue = {12}
}

@article{Gilbert2012,
  title = {Defining Seasonal Marine Microbial Community Dynamics},
  author = {Gilbert, Jack A and Steele, Joshua A and Caporaso, J Gregory and Steinbrück, Lars and Reeder, Jens and Temperton, Ben and Huse, Susan and McHardy, Alice C and Knight, Rob and Joint, Ian and Somerfield, Paul and Fuhrman, Jed A and Field, Dawn},
  date = {2012-02},
  journaltitle = {ISME J.},
  volume = {6},
  number = {2},
  pages = {298--308},
  issn = {1751-7362},
  doi = {10.1038/ismej.2011.107},
  issue = {2}
}

@article{Hoarfrost2020,
  title = {Global Ecotypes in the Ubiquitous Marine Clade {{SAR86}}},
  author = {Hoarfrost, Adrienne and Nayfach, Stephen and Ladau, Joshua and Yooseph, Shibu and Arnosti, Carol and Dupont, Chris L. and Pollard, Katherine S.},
  date = {2020-01},
  journaltitle = {ISME J.},
  volume = {14},
  number = {1},
  pages = {178--188},
  issn = {1751-7370},
  doi = {10.1038/s41396-019-0516-7},
  langid = {english},
  pmcid = {PMC6908720}
}

@article{Holm-Hansen1965,
  title = {Fluorometric Determination of Chlorophyll},
  author = {Holm-Hansen, Osmund and Lorenzen, Carl J. and Holmes, Robert W. and Strickland, John D. H.},
  date = {1965-12-01},
  journaltitle = {ICES J. Mar. Sci.},
  volume = {30},
  number = {1},
  pages = {3--15},
  issn = {1054-3139},
  doi = {10.1093/icesjms/30.1.3}
}

@article{Ivancic2010,
  title = {Long-Term Changes in Heterotrophic Prokaryotes Abundance and Growth Characteristics in the Northern {{Adriatic Sea}}},
  author = {Ivančić, Ingrid and Fuks, Dragica and Najdek, Mirjana and Blažina, Maria and Devescovi, Massimo and Šilović, Tina and Paliaga, Paolo and Orlić, Sandi},
  date = {2010-09},
  journaltitle = {J. Mar. Syst.},
  volume = {82},
  number = {4},
  pages = {206--216},
  publisher = {{Elsevier}},
  issn = {0924-7963},
  doi = {10.1016/j.jmarsys.2010.05.008},
  issue = {4}
}

@article{Jost2006,
  title = {Entropy and Diversity},
  author = {Jost, Lou},
  date = {2006-05},
  journaltitle = {Oikos},
  volume = {113},
  number = {2},
  pages = {363--375},
  issn = {00301299},
  doi = {10.1111/j.2006.0030-1299.14714.x},
  issue = {2}
}

@article{Kim2019,
  title = {Distinct Temporal Dynamics of Planktonic Archaeal and Bacterial Assemblages in the Bays of the {{Yellow Sea}}},
  author = {Kim, Jong-Geol and Gwak, Joo-Han and Jung, Man-Young and An, Sung-Uk and Hyun, Jung-Ho and Kang, Sanghoon and Rhee, Sung-Keun},
  date = {2019-08-26},
  journaltitle = {PLoS One},
  volume = {14},
  number = {8},
  pages = {e0221408},
  publisher = {{Public Library of Science}},
  issn = {1932-6203},
  doi = {10.1371/journal.pone.0221408},
  langid = {english}
}

@article{Korlevic2015,
  title = {Bacterial Diversity in the {{South Adriatic Sea}} during a Strong, Deep Winter Convection Year},
  author = {Korlević, M. and Pop Ristova, P. and Garić, R. and Amann, R. and Orlić, S.},
  editor = {Kostka, J. E.},
  date = {2015-03},
  journaltitle = {Appl. Environ. Microbiol.},
  volume = {81},
  number = {5},
  pages = {1715--1726},
  issn = {0099-2240},
  doi = {10.1128/AEM.03410-14},
  issue = {5}
}

@article{Korlevic2016,
  title = {Bacterial Diversity across a Highly Stratified Ecosystem: A Salt-Wedge {{Mediterranean}} Estuary},
  author = {Korlević, M. and Šupraha, L. and Ljubešić, Z. and Henderiks, J. and Ciglenečki, I. and Dautović, J. and Orlić, S.},
  date = {2016-09},
  journaltitle = {Syst. Appl. Microbiol.},
  volume = {39},
  number = {6},
  pages = {398--408},
  issn = {07232020},
  doi = {10.1016/j.syapm.2016.06.006},
  issue = {6}
}

@article{Korlevic2021,
  title = {Selective {{DNA}} and Protein Isolation from Marine Macrophyte Surfaces},
  author = {Korlević, Marino and Markovski, Marsej and Zhao, Zihao and Herndl, Gerhard J. and Najdek, Mirjana},
  date = {2021},
  journaltitle = {Front. Microbiol.},
  volume = {12},
  pages = {665999},
  publisher = {{Frontiers}},
  issn = {1664-302X},
  doi = {10.3389/fmicb.2021.665999},
  langid = {english}
}

@article{Korlevic2021a,
  title = {Seasonal Dynamics of Epiphytic Microbial Communities on Marine Macrophyte Surfaces},
  author = {Korlević, Marino and Markovski, Marsej and Zhao, Zihao and Herndl, Gerhard J. and Najdek, Mirjana},
  date = {2021},
  journaltitle = {Front. Microbiol.},
  volume = {12},
  pages = {671342},
  issn = {1664-302X},
  doi = {10.3389/fmicb.2021.671342}
}

@article{Kozich2013,
  title = {Development of a Dual-Index Sequencing Strategy and Curation Pipeline for Analyzing Amplicon Sequence Data on the {{MiSeq Illumina}} Sequencing Platform.},
  author = {Kozich, James J and Westcott, Sarah L and Baxter, Nielson T and Highlander, Sarah K and Schloss, Patrick D},
  date = {2013-09},
  journaltitle = {Appl. Environ. Microbiol.},
  volume = {79},
  number = {17},
  pages = {5112--5120},
  doi = {10.1128/AEM.01043-13},
  issue = {17}
}

@article{Ladau2013,
  title = {Global Marine Bacterial Diversity Peaks at High Latitudes in Winter.},
  author = {Ladau, Joshua and Sharpton, Thomas J and Finucane, Mariel M and Jospin, Guillaume and Kembel, Steven W and O'Dwyer, James and Koeppel, Alexander F and Green, Jessica L and Pollard, Katherine S},
  date = {2013-09},
  journaltitle = {ISME J.},
  volume = {7},
  number = {9},
  pages = {1669--1677},
  doi = {10.1038/ismej.2013.37},
  issue = {9}
}

@book{Legendre2012,
  title = {Numerical {{Ecology}}},
  author = {Legendre, Pierre and Legendre, Louis},
  date = {2012-08-20},
  edition = {3rd},
  publisher = {{Elsevier}},
  location = {{Amsterdam}},
  isbn = {978-0-444-53868-0},
  langid = {english},
  pagetotal = {1008}
}

@article{Lindh2015,
  title = {Disentangling Seasonal Bacterioplankton Population Dynamics by High-Frequency Sampling},
  author = {Lindh, Markus V. and Sjöstedt, Johanna and Andersson, Anders F. and Baltar, Federico and Hugerth, Luisa W. and Lundin, Daniel and Muthusamy, Saraladevi and Legrand, Catherine and Pinhassi, Jarone},
  date = {2015},
  journaltitle = {Environ. Microbiol.},
  volume = {17},
  number = {7},
  pages = {2459--2476},
  issn = {1462-2920},
  doi = {10.1111/1462-2920.12720},
  langid = {english}
}

@article{Manna2021,
  title = {Long-Term Patterns and Drivers of Microbial Organic Matter Utilization in the Northernmost Basin of the {{Mediterranean Sea}}},
  author = {Manna, Vincenzo and De Vittor, Cinzia and Giani, Michele and Del Negro, Paola and Celussi, Mauro},
  date = {2021-02-01},
  journaltitle = {Mar. Environ. Res.},
  volume = {164},
  pages = {105245},
  issn = {0141-1136},
  doi = {10.1016/j.marenvres.2020.105245},
  langid = {english}
}

@article{Massana1997,
  title = {Vertical Distribution and Phylogenetic Characterization of Marine Planktonic {{{\emph{Archaea}}}} in the {{Santa Barbara Channel}}.},
  author = {Massana, R and Murray, A E and Preston, C M and DeLong, E F},
  date = {1997-01},
  journaltitle = {Appl. Environ. Microbiol.},
  volume = {63},
  number = {1},
  pages = {50--56},
  doi = {10.1128/aem.63.1.50-56.1997},
  issue = {1}
}

@software{McKinnonEdwards2020,
  title = {{{lemon}}: Freshing up Your 'ggplot2' Plots},
  author = {McKinnon Edwards, Stefan},
  date = {2020}
}

@article{Mestre2020,
  title = {Seasonal Variation of Bacterial Diversity along the Marine Particulate Matter Continuum},
  author = {Mestre, Mireia and Höfer, Juan and Sala, M. Montserrat and Gasol, Josep M.},
  date = {2020},
  journaltitle = {Front. Microbiol.},
  volume = {11},
  pages = {1590},
  publisher = {{Frontiers}},
  issn = {1664-302X},
  doi = {10.3389/fmicb.2020.01590},
  langid = {english}
}

@article{Mozetic2010,
  title = {Recent Trends towards Oligotrophication of the {{Northern Adriatic}}: Evidence from Chlorophyll  {{{\emph{a}}}} Time Series},
  shorttitle = {Recent Trends towards Oligotrophication of the Northern Adriatic},
  author = {Mozetič, Patricija and Solidoro, Cosimo and Cossarini, Gianpiero and Socal, Giorgio and Precali, Robert and Francé, Janja and Bianchi, Franco and De Vittor, Cinzia and Smodlaka, Nenad and Fonda Umani, Serena},
  date = {2010-03-01},
  journaltitle = {Estuaries Coast},
  volume = {33},
  number = {2},
  pages = {362--375},
  issn = {1559-2731},
  doi = {10.1007/s12237-009-9191-7},
  langid = {english}
}

@article{Najdek2020,
  title = {Dynamics of Environmental Conditions during the Decline of a {{{\emph{Cymodocea nodosa}}}} Meadow},
  author = {Najdek, Mirjana and Korlević, Marino and Paliaga, Paolo and Markovski, Marsej and Ivančić, Ingrid and Iveša, Ljiljana and Felja, Igor and Herndl, Gerhard J.},
  date = {2020-06-30},
  journaltitle = {Biogeosciences},
  volume = {17},
  number = {12},
  pages = {3299--3315},
  publisher = {{Copernicus GmbH}},
  issn = {1726-4170},
  doi = {10.5194/bg-17-3299-2020},
  langid = {english}
}

@article{Najdek2020a,
  title = {Effects of the Invasion of {{{\emph{Caulerpa cylindracea}}}} in a {{{\emph{Cymodocea nodosa}}}} Meadow in the {{Northern Adriatic Sea}}},
  author = {Najdek, Mirjana and Korlević, Marino and Paliaga, Paolo and Markovski, Marsej and Ivančić, Ingrid and Iveša, Ljiljana and Felja, Igor and Herndl, Gerhard J.},
  date = {2020},
  journaltitle = {Front. Mar. Sci.},
  volume = {7},
  pages = {602055},
  publisher = {{Frontiers}},
  issn = {2296-7745},
  doi = {10.3389/fmars.2020.602055},
  langid = {english}
}

@article{Needham2016,
  title = {Pronounced Daily Succession of Phytoplankton, Archaea and Bacteria Following a Spring Bloom},
  author = {Needham, David M. and Fuhrman, Jed A.},
  date = {2016-02-29},
  journaltitle = {Nat. Microbiol.},
  volume = {1},
  number = {4},
  pages = {1--7},
  publisher = {{Nature Publishing Group}},
  issn = {2058-5276},
  doi = {10.1038/nmicrobiol.2016.5},
  issue = {4},
  langid = {english}
}

@software{Neuwirth2014,
  title = {{{RColorBrewer}}: {{ColorBrewer}} Palettes},
  author = {Neuwirth, Erich},
  date = {2014}
}

@article{Ngugi2018,
  title = {High-Quality Draft Single-Cell Genome Sequence of the {{NS5}} Marine Group from the Coastal {{Red Sea}}},
  author = {Ngugi, David K. and Stingl, Ulrich},
  date = {2018-06-21},
  journaltitle = {Genome Announc.},
  volume = {6},
  number = {25},
  pages = {e00565-18},
  publisher = {{American Society for Microbiology}},
  issn = {2169-8287},
  doi = {10.1128/genomeA.00565-18},
  langid = {english}
}

@software{Oksanen2020,
  title = {{{vegan}}: Community Ecology Package},
  author = {Oksanen, Jari and Blanchet, F. Guillaume and Friendly, Michael and Kindt, Roeland and Legendre, Pierre and McGlinn, Dan and Minchin, Peter R. and O'Hara, R. B. and Simpson, Gavin L. and Solymos, Peter and Stevens, M. Henry H. and Szoecs, Eduard and Wagner, Helene},
  date = {2020}
}

@article{Palenik2003,
  title = {The Genome of a Motile Marine {{{\emph{Synechococcus}}}}},
  author = {Palenik, B. and Brahamsha, B. and Larimer, F. W. and Land, M. and Hauser, L. and Chain, P. and Lamerdin, J. and Regala, W. and Allen, E. E. and McCarren, J. and Paulsen, I. and Dufresne, A. and Partensky, F. and Webb, E. A. and Waterbury, J.},
  date = {2003-08},
  journaltitle = {Nature},
  volume = {424},
  number = {6952},
  pages = {1037--1042},
  issn = {0028-0836},
  doi = {10.1038/nature01943},
  issue = {6952}
}

@article{Parada2016,
  title = {Every Base Matters: Assessing Small Subunit {{rRNA}} Primers for Marine Microbiomes with Mock Communities, Time Series and Global Field Samples},
  author = {Parada, Alma E. and Needham, David M. and Fuhrman, Jed A.},
  date = {2016-05},
  journaltitle = {Environ. Microbiol.},
  volume = {18},
  number = {5},
  pages = {1403--1414},
  issn = {14622912},
  doi = {10.1111/1462-2920.13023},
  issue = {5}
}

@article{Porter1980,
  title = {The Use of {{DAPI}} for Identifying and Counting Aquatic Microflora},
  author = {Porter, Karen G. and Feig, Yvette S.},
  date = {1980-09},
  journaltitle = {Limnol. Oceanogr.},
  volume = {25},
  number = {5},
  pages = {943--948},
  publisher = {{Wiley-Blackwell}},
  issn = {00243590},
  doi = {10.4319/lo.1980.25.5.0943},
  issue = {5}
}

@article{Quast2013,
  title = {The {{SILVA}} Ribosomal {{RNA}} Gene Database Project: Improved Data Processing and Web-Based Tools.},
  author = {Quast, Christian and Pruesse, Elmar and Yilmaz, Pelin and Gerken, Jan and Schweer, Timmy and Yarza, Pablo and Peplies, Jörg and Glöckner, Frank Oliver},
  date = {2013-01},
  journaltitle = {Nucleic Acids Res.},
  volume = {41},
  number = {Database issue},
  pages = {D590--D596},
  issn = {1362-4962},
  doi = {10.1093/nar/gks1219},
  issue = {Database issue}
}

@software{RCoreTeam2021,
  title = {R: {{A}} Language and Environment for Statistical Computing},
  author = {{R Core Team}},
  date = {2021},
  location = {{Vienna, Austria}},
  organization = {{R Foundation for Statistical Computing}}
}

@article{Reinthaler2005,
  title = {Relationship between Bacterioplankton Richness, Respiration, and Production in the Southern {{North Sea}}},
  author = {Reinthaler, Thomas and Winter, Christian and Herndl, Gerhard J.},
  date = {2005-05-01},
  journaltitle = {Appl. Environ. Microbiol.},
  volume = {71},
  number = {5},
  pages = {2260--2266},
  publisher = {{American Society for Microbiology}},
  issn = {0099-2240, 1098-5336},
  doi = {10.1128/AEM.71.5.2260-2266.2005},
  langid = {english}
}

@article{Salter2015,
  title = {Seasonal Dynamics of Active {{SAR11}} Ecotypes in the Oligotrophic {{Northwest Mediterranean Sea}}.},
  author = {Salter, Ian and Galand, Pierre E and Fagervold, Sonja K and Lebaron, Philippe and Obernosterer, Ingrid and Oliver, Matthew J and Suzuki, Marcelino T and Tricoire, Cyrielle},
  date = {2015-02},
  journaltitle = {ISME J.},
  volume = {9},
  number = {2},
  pages = {347--360},
  doi = {10.1038/ismej.2014.129},
  issue = {2}
}

@article{Schloss2009,
  title = {Introducing Mothur: Open-Source, Platform-Independent, Community-Supported Software for Describing and Comparing Microbial Communities},
  author = {Schloss, Patrick D and Westcott, Sarah L and Ryabin, Thomas and Hall, Justine R and Hartmann, Martin and Hollister, Emily B and Lesniewski, Ryan A and Oakley, Brian B and Parks, Donovan H and Robinson, Courtney J and Sahl, Jason W and Stres, Blaz and Thallinger, Gerhard G and Van Horn, David J and Weber, Carolyn F},
  date = {2009-12},
  journaltitle = {Appl. Environ. Microbiol.},
  volume = {75},
  number = {23},
  pages = {7537--7541},
  doi = {10.1128/AEM.01541-09},
  issue = {23}
}

@article{Schloss2016,
  title = {Sequencing {{16S rRNA}} Gene Fragments Using the {{PacBio SMRT DNA}} Sequencing System.},
  author = {Schloss, Patrick D and Jenior, Matthew L and Koumpouras, Charles C and Westcott, Sarah L and Highlander, Sarah K},
  date = {2016-03},
  journaltitle = {PeerJ},
  volume = {4},
  pages = {e1869},
  issn = {2167-8359},
  doi = {10.7717/peerj.1869}
}

@article{Silovic2012,
  title = {Picoplankton Seasonal Variation and Community Structure in the Northeast {{Adriatic}} Coastal Zone},
  author = {Šilović, Tina and Balagué, Vanessa and Orlić, Sandi and Pedrós-Alió, Carlos},
  date = {2012-12},
  journaltitle = {FEMS Microbiol. Ecol.},
  volume = {82},
  number = {3},
  pages = {678--691},
  issn = {01686496},
  doi = {10.1111/j.1574-6941.2012.01438.x},
  issue = {3}
}

@article{Sintes2013a,
  title = {Temporal Dynamics in the Free-Living Bacterial Community Composition in the Coastal {{North Sea}}.},
  author = {Sintes, Eva and Witte, Harry and Stodderegger, Karen and Steiner, Paul and Herndl, Gerhard J},
  date = {2013-02},
  journaltitle = {FEMS Microbiol. Ecol.},
  volume = {83},
  number = {2},
  pages = {413--424},
  doi = {10.1111/1574-6941.12003},
  issue = {2}
}

@article{Spring2013a,
  title = {Mixotrophic Growth of Bacteriochlorophyll {{{\emph{a}}}}-Containing Members of the {{OM60}}/{{NOR5}} Clade of Marine Gammaproteobacteria Is Carbon-Starvation Independent and Correlates with the Type of Carbon Source and Oxygen Availability},
  author = {Spring, Stefan and Riedel, Thomas},
  date = {2013-05-24},
  journaltitle = {BMC Microbiol.},
  volume = {13},
  pages = {117},
  issn = {1471-2180},
  doi = {10.1186/1471-2180-13-117},
  langid = {english},
  pmcid = {PMC3666943}
}

@book{Strickland1972,
  title = {A {{Practical Handbook}} of {{Seawater Analysis}}},
  author = {Strickland, J. D. H. and Parsons, T. R.},
  date = {1972},
  edition = {2},
  volume = {167},
  publisher = {{Fisheries Research Board of Canada}},
  location = {{Ottawa}},
  pagetotal = {310}
}

@article{Teeling2012,
  title = {Substrate-Controlled Succession of Marine Bacterioplankton Populations Induced by a Phytoplankton Bloom.},
  author = {Teeling, Hanno and Fuchs, Bernhard M and Becher, Dörte and Klockow, Christine and Gardebrecht, Antje and Bennke, Christin M and Kassabgy, Mariette and Huang, Sixing and Mann, Alexander J and Waldmann, Jost and Weber, Marc and Klindworth, Anna and Otto, Andreas and Lange, Jana and Bernhardt, Jörg and Reinsch, Christine and Hecker, Michael and Peplies, Jörg and Bockelmann, Frank D and Callies, Ulrich and Gerdts, Gunnar and Wichels, Antje and Wiltshire, Karen H and Glöckner, Frank Oliver and Schweder, Thomas and Amann, Rudolf},
  date = {2012-05},
  journaltitle = {Science},
  volume = {336},
  number = {6081},
  pages = {608--611},
  doi = {10.1126/science.1218344},
  issue = {6081}
}

@article{Teeling2016,
  title = {Recurring Patterns in Bacterioplankton Dynamics during Coastal Spring Algae Blooms},
  author = {Teeling, Hanno and Fuchs, Bernhard M and Bennke, Christin M and Krüger, Karen and Chafee, Meghan and Kappelmann, Lennart and Reintjes, Greta and Waldmann, Jost and Quast, Christian and Glöckner, Frank Oliver and Lucas, Judith and Wichels, Antje and Gerdts, Gunnar and Wiltshire, Karen H and Amann, Rudolf I},
  editor = {Brakhage, Axel A},
  date = {2016-04-07},
  journaltitle = {Elife},
  volume = {5},
  pages = {e11888},
  publisher = {{eLife Sciences Publications, Ltd}},
  issn = {2050-084X},
  doi = {10.7554/eLife.11888}
}

@article{Tinta2015,
  title = {Bacterial Community Shift Is Induced by Dynamic Environmental Parameters in a Changing Coastal Ecosystem (Northern {{Adriatic}}, Northeastern {{Mediterranean Sea}}) – a 2-Year Time-Series Study},
  author = {Tinta, T. and Vojvoda, J. and Mozetič, P. and Talaber, I. and Vodopivec, M. and Malfatti, F. and Turk, V.},
  date = {2015-10},
  journaltitle = {Environ. Microbiol.},
  volume = {17},
  number = {10},
  pages = {3581--3596},
  issn = {14622912},
  doi = {10.1111/1462-2920.12519},
  issue = {10}
}

@article{Vergin2013,
  title = {High-Resolution {{SAR11}} Ecotype Dynamics at the {{Bermuda Atlantic Time-series Study}} Site by Phylogenetic Placement of Pyrosequences},
  author = {Vergin, Kevin L and Beszteri, Bánk and Monier, Adam and Cameron Thrash, J and Temperton, Ben and Treusch, Alexander H and Kilpert, Fabian and Worden, Alexandra Z and Giovannoni, Stephen J},
  date = {2013-07},
  journaltitle = {ISME J.},
  volume = {7},
  number = {7},
  pages = {1322--1332},
  issn = {1751-7362},
  doi = {10.1038/ismej.2013.32},
  issue = {7}
}

@article{Ward2017,
  title = {Annual Community Patterns Are Driven by Seasonal Switching between Closely Related Marine Bacteria},
  author = {Ward, Christopher S. and Yung, Cheuk-Man and Davis, Katherine M. and Blinebry, Sara K. and Williams, Tiffany C. and Johnson, Zackary I. and Hunt, Dana E.},
  date = {2017-06},
  journaltitle = {ISME J.},
  volume = {11},
  number = {6},
  pages = {1412--1422},
  publisher = {{Nature Publishing Group}},
  issn = {1751-7370},
  doi = {10.1038/ismej.2017.4},
  issue = {6},
  langid = {english}
}

@article{Wickham2019,
  title = {Welcome to the Tidyverse},
  author = {Wickham, Hadley and Averick, Mara and Bryan, Jennifer and Chang, Winston and McGowan, Lucy D'Agostino and François, Romain and Grolemund, Garrett and Hayes, Alex and Henry, Lionel and Hester, Jim and Kuhn, Max and Pedersen, Thomas Lin and Miller, Evan and Bache, Stephan Milton and Müller, Kirill and Ooms, Jeroen and Robinson, David and Seidel, Dana Paige and Spinu, Vitalie and Takahashi, Kohske and Vaughan, Davis and Wilke, Claus and Woo, Kara and Yutani, Hiroaki},
  date = {2019},
  journaltitle = {J. Open Source Softw.},
  volume = {4},
  number = {43},
  pages = {1686},
  doi = {10.21105/joss.01686},
  issue = {43}
}

@software{Wilke2020,
  title = {{{cowplot}}: Streamlined Plot Theme and Plot Annotations for {{'ggplot2'}}},
  author = {Wilke, Claus O.},
  date = {2020}
}

@incollection{Xie2014,
  title = {{{knitr}}: A Comprehensive Tool for Reproducible Research in {{R}}},
  booktitle = {Implementing {{Reproducible Computational Research}}},
  author = {Xie, Yihui},
  editor = {Stodden, Victoria and Leisch, Friedrich and Peng, Roger D},
  date = {2014},
  pages = {3--32},
  publisher = {{Chapman and Hall/CRC}},
  location = {{New York}}
}

@book{Xie2015,
  title = {Dynamic {{Documents}} with {{R}} and Knitr},
  author = {Xie, Yihui},
  date = {2015},
  edition = {2},
  publisher = {{Chapman and Hall/CRC}},
  location = {{Boca Raton, Florida}}
}

@book{Xie2018,
  title = {R {{Markdown}}: {{The Definitive Guide}}},
  author = {Xie, Yihui and Allaire, J J and Grolemund, Garrett},
  date = {2018},
  edition = {1st},
  publisher = {{Chapman and Hall/CRC}},
  location = {{Boca Raton, Florida}}
}

@article{Xie2019a,
  title = {{{TinyTeX}}: A Lightweight, Cross-Platform, and Easy-to-Maintain {{LaTeX}} Distribution Based on {{TeX Live}}},
  author = {Xie, Yihui},
  date = {2019},
  journaltitle = {TUGboat},
  volume = {40},
  number = {1},
  pages = {30--32},
  issue = {1}
}

@book{Xie2020,
  title = {R {{Markdown Cookbook}}},
  author = {Xie, Yihui and Dervieux, Christophe and Riederer, Emily},
  date = {2020},
  publisher = {{Chapman and Hall/CRC}},
  location = {{Boca Raton, Florida}}
}

@software{Xie2021,
  title = {{{knitr}}: A General-Purpose Package for Dynamic Report Generation in {{R}}},
  author = {Xie, Yihui},
  date = {2021}
}

@software{Xie2021a,
  title = {{{tinytex}}: Helper Functions to Install and Maintain {{TeX Live}}, and Compile {{LaTeX}} Documents},
  author = {Xie, Yihui},
  date = {2021}
}

@article{Yilmaz2014,
  title = {The {{SILVA}} and "{{All-Species Living Tree Project}} ({{LTP}})" Taxonomic Frameworks},
  author = {Yilmaz, Pelin and Parfrey, Laura Wegener and Yarza, Pablo and Gerken, Jan and Pruesse, Elmar and Quast, Christian and Schweer, Timmy and Peplies, Jörg and Ludwig, Wolfgang and Glöckner, Frank Oliver},
  date = {2014-01},
  journaltitle = {Nucleic Acids Res.},
  volume = {42},
  number = {D1},
  pages = {D643--D648},
  issn = {1362-4962},
  doi = {10.1093/nar/gkt1209},
  issue = {D1}
}

@software{Zhu2021,
  title = {{{kableExtra}}: Construct Complex Table with 'kable' and Pipe Syntax},
  author = {Zhu, Hao},
  date = {2021}
}


